% This file was created with Citavi 6.3.0.0

@article{BernersLee.2001,
 author = {Berners-Lee, Tim and Handler, James and Lalissa, Ora},
 year = {2001},
 title = {The Semantic Web: A new form of Web content that is meaningful to computers will unleash a revolution of new possibilities},
 journal = {Scientific American}
}


@book{Garoufallou.2013,
 abstract = {This book constitutes the refereed proceedings of the 7th Metadata and Semantics Research Conference, MTSR 2013, held in Thessaloniki, Greece, in November 2013. The 29 revised papers presented were carefully reviewed and selected from 89 submissions. The papers are organized in several sessions and tracks. The sessions cover the following topics: platforms for research datasets, system architecture and data management; metadata and ontology validation, evaluation, mapping and interoperability; content management. The tracks cover the following topics: big data and digital libraries in health, science and technology; European and national projects and project networking; metadata and semantics for open repositories, research information systems and data infrastructures; metadata and semantics for cultural collections and applications; metadata and semantics for agriculture, food and environment.},
 author = {Garoufallou, Emmanouel and Greenberg, Jane},
 year = {2013},
 title = {Metadata and Semantics Research: 7th Research Conference, MTSR 2013, Thessaloniki, Greece, November 19-22, 2013. Proceedings},
 address = {Cham},
 volume = {390},
 publisher = {{Springer International Publishing} and {Imprint: Springer}},
 isbn = {978-3-319-03436-2},
 series = {Communications in Computer and Information Science}
}


@book{Ozsu.2009,
 author = {{\"O}zsu, M. Tamer and Liu, Ling},
 year = {2009},
 title = {Encyclopedia of database systems},
 address = {New York and London},
 publisher = {Springer},
 isbn = {978-0-387-39940-9}
}


@article{Sack.2010,
 author = {Sack, Harald},
 year = {2010},
 title = {Semantische Suche},
 pages = {13--25},
 volume = {47},
 number = {1},
 issn = {1436-3011},
 journal = {HMD Praxis der Wirtschaftsinformatik},
 doi = {10.1007/BF03340434}
}


@misc{TomGruber.2009,
 author = {{Tom Gruber}},
 year = {2009},
 title = {Ontology},
 url = {https://tomgruber.org/writing/ontology-definition-2007.htm},
 urldate = {18.03.2020}
}


@misc{W3C.,
 author = {W3C},
 editor = {W3C},
 title = {Ontologies - W3C: Vocabularies},
 url = {https://www.w3.org/standards/semanticweb/ontology},
 urldate = {18.03.2020}
}


@misc{Wikipedia.31.10.201911:12,
 author = {Wikipedia},
 year = {31.10.2019, 11:12},
 title = {Ontologie (Informatik)},
 url = {https://de.wikipedia.org/wiki/Ontologie_(Informatik)},
 urldate = {18.03.2020}
}


@misc{WolfgangHesse.2005,
 author = {{Wolfgang Hesse}},
 editor = {{Springer-Verlag Berlin Heidelberg}},
 year = {2005},
 title = {Ontologie(n)},
 url = {https://gi.de/informatiklexikon/ontologien},
 urldate = {18.03.2020}
}


