% This file was created with Citavi 6.3.0.0

@book{Badura.2018,
 year = {2018},
 title = {Fehlzeiten-Report 2018},
 address = {Berlin, Heidelberg},
 publisher = {{Springer Berlin Heidelberg}},
 isbn = {978-3-662-57387-7},
 editor = {Badura, Bernhard and Ducki, Antje and Schr{\"o}der, Helmut and Klose, Joachim and Meyer, Markus},
 doi = {10.1007/978-3-662-57388-4}
}


@incollection{Ehresmann.2018,
 author = {Ehresmann, Cona and Badura, Bernhard},
 title = {Sinnquellen in der Arbeitswelt und ihre Bedeutung f{\"u}r die Gesundheit},
 pages = {47--59},
 volume = {12},
 publisher = {{Springer Berlin Heidelberg}},
 isbn = {978-3-662-57387-7},
 editor = {Badura, Bernhard and Ducki, Antje and Schr{\"o}der, Helmut and Klose, Joachim and Meyer, Markus},
 booktitle = {Fehlzeiten-Report 2018},
 year = {2018},
 address = {Berlin, Heidelberg},
 doi = {10.1007/978-3-662-57388-4_4}
}


@incollection{Eisenmann.2018,
 author = {Eisenmann, Martin and Wienzek, Tobias},
 title = {Stellt Digitalisierung eine Gefahr oder eine Chance f{\"u}r das Sinnerleben der Arbeit dar?},
 pages = {177--188},
 volume = {89},
 publisher = {{Springer Berlin Heidelberg}},
 isbn = {978-3-662-57387-7},
 editor = {Badura, Bernhard and Ducki, Antje and Schr{\"o}der, Helmut and Klose, Joachim and Meyer, Markus},
 booktitle = {Fehlzeiten-Report 2018},
 year = {2018},
 address = {Berlin, Heidelberg},
 doi = {10.1007/978-3-662-57388-4_15}
}


@incollection{FluterHoffmann.2018,
 author = {Fl{\"u}ter-Hoffmann, Christiane},
 title = {Sinnstiftung als Erfolgsfaktor: Wie Arbeitgeber dazu beitragen k{\"o}nnen, dass Besch{\"a}ftigte ihre Arbeit als sinnvoll erleben},
 pages = {201--211},
 volume = {23},
 publisher = {{Springer Berlin Heidelberg}},
 isbn = {978-3-662-57387-7},
 editor = {Badura, Bernhard and Ducki, Antje and Schr{\"o}der, Helmut and Klose, Joachim and Meyer, Markus},
 booktitle = {Fehlzeiten-Report 2018},
 year = {2018},
 address = {Berlin, Heidelberg},
 doi = {10.1007/978-3-662-57388-4_17}
}


@incollection{Freier.2018,
 author = {Freier, Carolin},
 title = {Was bedeutet uns Arbeiten?},
 pages = {63--73},
 volume = {31},
 publisher = {{Springer Berlin Heidelberg}},
 isbn = {978-3-662-57387-7},
 editor = {Badura, Bernhard and Ducki, Antje and Schr{\"o}der, Helmut and Klose, Joachim and Meyer, Markus},
 booktitle = {Fehlzeiten-Report 2018},
 year = {2018},
 address = {Berlin, Heidelberg},
 doi = {10.1007/978-3-662-57388-4_5}
}


@incollection{Schnell.2018,
 author = {Schnell, Tatjana},
 title = {Von Lebenssinn und Sinn in der Arbeit},
 pages = {11--21},
 volume = {12},
 publisher = {{Springer Berlin Heidelberg}},
 isbn = {978-3-662-57387-7},
 editor = {Badura, Bernhard and Ducki, Antje and Schr{\"o}der, Helmut and Klose, Joachim and Meyer, Markus},
 booktitle = {Fehlzeiten-Report 2018},
 year = {2018},
 address = {Berlin, Heidelberg},
 doi = {10.1007/978-3-662-57388-4_2}
}


@incollection{Voswinkel.2018,
 author = {Voswinkel, Stephan},
 title = {Was erleben Besch{\"a}ftigte als sinnvolle (bzw. sinnlose) Arbeit? Gesundheitliche Belastungen durch Erfahrungen von Sinnlosigkeit},
 pages = {191--199},
 volume = {40},
 publisher = {{Springer Berlin Heidelberg}},
 isbn = {978-3-662-57387-7},
 editor = {Badura, Bernhard and Ducki, Antje and Schr{\"o}der, Helmut and Klose, Joachim and Meyer, Markus},
 booktitle = {Fehlzeiten-Report 2018},
 year = {2018},
 address = {Berlin, Heidelberg},
 doi = {10.1007/978-3-662-57388-4_16}
}


@book{SenghaasKnobloch.2008,
 author = {Senghaas-Knobloch, Eva},
 year = {2008},
 title = {Wohin driftet die Arbeitswelt?},
 address = {Wiesbaden},
 edition = {1. Aufl.},
 publisher = {{VS, Verl. f{\"u}r Sozialwiss}},
 isbn = {978-3-531-90939-4},
 file = {http://www.worldcat.org/oclc/300141813}
}




